%%%%%%%%%%%%%%%%%%%%%%%%%%%%%%%%%%%%%%%%%%%%%%%%%%%%%%%%%%%%%%%%%%%%%%%%%%%%%%%%%
%% RELATED WORK
%%%%%%%%%%%%%%%%%%%%%%%%%%%%%%%%%%%%%%%%%%%%%%%%%%%%%%%%%%%%%%%%%%%%%%%%%%%%%%%%%

% First use of SAT solvers for crypto problems
@article{massacci2000logical,
  title={Logical cryptanalysis as a {SAT} problem},
  author={Massacci, Fabio and Marraro, Laura},
  journal={Journal of Automated Reasoning},
  volume={24},
  number={1-2},
  pages={165--203},
  year={2000},
  publisher={Springer}
}

% Operator overloading in C++
@inbook{jovanovic2005logical,
  author="Jovanovi{\'{c}}, Dejan
  and Jani{\v{c}}i{\'{c}}, Predrag",
  chapter="Logical Analysis of Hash Functions",
  title="Frontiers of Combining Systems: 5th International Workshop, FroCoS 2005, Vienna, Austria, September 19-21, 2005. Proceedings",
  year="2005",
  publisher="Springer Berlin Heidelberg",
  pages="200--215",
  doi="10.1007/11559306_11",
  url="http://dx.doi.org/10.1007/11559306_11"
}

% CryptLogVer, Verilog -> CNF
@article{morawiecki2013sat,
  title={A {SAT-based} preimage analysis of reduced {KECCAK} hash functions},
  author={Morawiecki, Pawe{\l} and Srebrny, Marian},
  journal={Information Processing Letters},
  volume={113},
  number={10},
  pages={392--397},
  year={2013},
  publisher={Elsevier}
}

% SHA-1 preimage via custom instance generation
@article{nossum2012sat,
  title={{SAT-based} preimage attacks on {SHA-1}},
  author={Nossum, Vegard},
  year={2012}
}

%%%%%%%%%%%%%%%%%%%%%%%%%%%%%%%%%%%%%%%%%%%%%%%%%%%%%%%%%%%%%%%%%%%%%%%%%%%%%%%%%
%% IMPORTANT REFERENCES
%%%%%%%%%%%%%%%%%%%%%%%%%%%%%%%%%%%%%%%%%%%%%%%%%%%%%%%%%%%%%%%%%%%%%%%%%%%%%%%%%

% Library code
@misc{papay2016code,
  author       = {Ladislav P\'apay},
  title        = {Modeling library, usage samples and analysis code},
  month        = apr,
  year         = 2016,
  doi          = {10.5281/zenodo.48832},
  howpublished = {\url{http://dx.doi.org/10.5281/zenodo.48832}}
}

% Tseitin transformation
@incollection{tseitin1983complexity,
  title={On the complexity of derivation in propositional calculus},
  author={Tseitin, Grigori S},
  booktitle={Automation of Reasoning},
  year={1983},
}

%%%%%%%%%%%%%%%%%%%%%%%%%%%%%%%%%%%%%%%%%%%%%%%%%%%%%%%%%%%%%%%%%%%%%%%%%%%%%%%%%
%% OTHER
%%%%%%%%%%%%%%%%%%%%%%%%%%%%%%%%%%%%%%%%%%%%%%%%%%%%%%%%%%%%%%%%%%%%%%%%%%%%%%%%%

% DPLL
@article{davis1960computing,
  title={A computing procedure for quantification theory},
  author={Davis, Martin and Putnam, Hilary},
  journal={Journal of the ACM (JACM)},
  volume={7},
  number={3},
  pages={201--215},
  year={1960},
  publisher={ACM}
}
@article{davis1962machine,
  title={A machine program for theorem-proving},
  author={Davis, Martin and Logemann, George and Loveland, Donald},
  journal={Communications of the ACM},
  volume={5},
  number={7},
  pages={394--397},
  year={1962},
  publisher={ACM}
}

% CDCL
@inproceedings{bayardo1997using,
  title={Using CSP look-back techniques to solve real-world SAT instances},
  author={Bayardo Jr, Roberto J and Schrag, Robert},
  booktitle={AAAI/IAAI},
  pages={203--208},
  year={1997}
}
@inproceedings{silva1997grasp,
  title={GRASP—a new search algorithm for satisfiability},
  author={Silva, Jo{\~a}o P Marques and Sakallah, Karem A},
  booktitle={Proceedings of the 1996 IEEE/ACM international conference on Computer-aided design},
  pages={220--227},
  year={1997},
  organization={IEEE Computer Society}
}

% Espresso logic minimizer
@techreport{rudell1986multiple,
  title={Multiple-valued logic minimization for {PLA} synthesis},
  author={Rudell, Richard L},
  year={1986},
  institution={DTIC Document}
}

% MiniSat
@article{een2005minisat,
  title={{MiniSat}: A {SAT} solver with conflict-clause minimization},
  author={Een, Niklas and S{\"o}rensson, Niklas},
  journal={Sat},
  volume={5},
  year={2005}
}

% Merkle-Damgard
@article{merkle1979secrecy,
  title={Secrecy, authentication, and public key systems},
  author={Merkle, Ralph Charles and Charles, Ralph and others},
  year={1979},
  publisher={Citeseer}
}

% Games-Howell procedure
@article{games1976pairwise,
  title={Pairwise multiple comparison procedures with unequal n’s and/or variances: a {Monte} {Carlo} study},
  author={Games, Paul A and Howell, John F},
  journal={Journal of Educational and Behavioral Statistics},
  year={1976},
}

% SAT solver running time distribution
@article{bard2007efficient,
  title={Efficient methods for conversion and solution of sparse systems of low-degree multivariate polynomials over GF (2) via SAT-solvers},
  author={Bard, Gregory V and Courtois, Nicolas T and Jefferson, Chris},
  year={2007}
}

% BCa bootstrap
@article{diciccio1996bootstrap,
  title={Bootstrap confidence intervals},
  author={DiCiccio, Thomas J and Efron, Bradley},
  journal={Statistical science},
  pages={189--212},
  year={1996},
  publisher={JSTOR}
}

% R statistics
@Manual{rteam2013,
  title = {R: A Language and Environment for Statistical Computing},
  author = {{R Core Team}},
  organization = {R Foundation for Statistical Computing},
  address = {Vienna, Austria},
  year = {2013},
  note = {{ISBN} 3-900051-07-0},
  url = {http://www.R-project.org/},
}

% SHA-1
@Book{NIST1995FIPS180-1,
  author =       "{National Institute of Standards and Technology}",
  title =        "{FIPS PUB 180-1}: Secure Hash Standard",
  year =         "1995",
  URL =          "http://www.itl.nist.gov/fipspubs/fip180-1.htm",
}

% SHA-3
@article{NIST2015FIPS202,
  title={SHA-3 Standard: Permutation-Based Hash and Extendable-Output Functions},
  author={Dworkin, Morris J},
  journal={Federal Inf. Process. Stds.(NIST FIPS)-202 (August 2015)}
}

% Keccak reference
@article{bertoni2011keccak,
  title={The keccak reference},
  author={Bertoni, Guido and Daemen, Joan and Peeters, Micha{\"e}l and Assche, GV},
  journal={Submission to NIST (Round 3)},
  volume={13},
  year={2011}
}

% Hash functions
@inproceedings{rogaway2004cryptographic,
  title={Cryptographic hash-function basics: Definitions, implications, and separations for preimage resistance, second-preimage resistance, and collision resistance},
  author={Rogaway, Phillip and Shrimpton, Thomas},
  booktitle={Fast Software Encryption},
  pages={371--388},
  year={2004},
  organization={Springer}
}

% SHA-1 Python implementation
@misc{alt2013sha1,
  author = {Alt, AJ},
  title = {An Implementation of the {SHA-1} Hashing Algorithm in Pure {Python}},
  year = {2015},
  publisher = {GitHub},
  journal = {GitHub repository},
  howpublished = {\url{https://github.com/ajalt/python-sha1}},
  commit = {ed0bc3ae519e2edf5d6cb98f10fddd1dec58ed45}
}

% CryptoMiniSat
@incollection{soos2009extending,
  title={Extending {SAT} solvers to cryptographic problems},
 author={Soos, Mate and Nohl, Karsten and Castelluccia, Claude},
  booktitle={Theory and Applications of Satisfiability Testing-SAT 2009},
  pages={244--257},
  year={2009},
  publisher={Springer}
}

% Program verification using SAT solvers
@inproceedings{cook2005cogent,
  title={Cogent: Accurate theorem proving for program verification},
  author={Cook, Byron and Kroening, Daniel and Sharygina, Natasha},
  booktitle={Computer Aided Verification},
  pages={296--300},
  year={2005},
  organization={Springer}
}
@article{chaki2004modular,
  title={Modular verification of software components in C},
  author={Chaki, Sagar and Clarke, Edmund M and Groce, Alex and Jha, Somesh and Veith, Helmut},
  journal={Software Engineering, IEEE Transactions on},
  volume={30},
  number={6},
  pages={388--402},
  year={2004},
  publisher={IEEE}
}

% Model checking
@inproceedings{biere1999symbolic,
  title={Symbolic model checking using SAT procedures instead of BDDs},
  author={Biere, Armin and Cimatti, Alessandro and Clarke, Edmund M and Fujita, Masahiro and Zhu, Yunshan},
  booktitle={Proceedings of the 36th annual ACM/IEEE Design Automation Conference},
  pages={317--320},
  year={1999},
  organization={ACM}
}
@inproceedings{mcmillan2002applying,
  title={Applying SAT methods in unbounded symbolic model checking},
  author={McMillan, Ken L},
  booktitle={Computer Aided Verification},
  pages={250--264},
  year={2002},
  organization={Springer}
}

% SAT-based FPGA connection routing
@inproceedings{nam1999satisfiability,
  title={Satisfiability-based layout revisited: detailed routing of complex FPGAs via search-based Boolean SAT},
  author={Nam, Gi-Joon and Sakallah, Karem A and Rutenbar, Rob A},
  booktitle={Proceedings of the 1999 ACM/SIGDA seventh international symposium on Field programmable gate arrays},
  pages={167--175},
  year={1999},
  organization={ACM}
}
@article{nam2004comparative,
  title={A comparative study of two Boolean formulations of FPGA detailed routing constraints},
  author={Nam, Gi-Joon and Aloul, Fadi and Sakallah, Karem A and Rutenbar, Rob A},
  journal={Computers, IEEE Transactions on},
  volume={53},
  number={6},
  pages={688--696},
  year={2004},
  publisher={IEEE}
}

%%%%%%%%%%%%%%%%%%%%%%%%%%%%%%%%%%%%%%%%%%%%%%%%%%%%%%%%%%%%%%%%%%%%%%%%%%%%%%%%%
%% UNCITED IN TEXT, JUST RELEVANT
%%%%%%%%%%%%%%%%%%%%%%%%%%%%%%%%%%%%%%%%%%%%%%%%%%%%%%%%%%%%%%%%%%%%%%%%%%%%%%%%%


@incollection{nocite-mironov2006applications,
  title={Applications of {SAT} solvers to cryptanalysis of hash functions},
  author={Mironov, Ilya and Zhang, Lintao},
  booktitle={Theory and Applications of Satisfiability Testing-SAT 2006},
  pages={102--115},
  year={2006},
  publisher={Springer}
}
@incollection{nocite-eibach2008attacking,
  title={Attacking {Bivium} using {SAT} solvers},
  author={Eibach, Tobias and Pilz, Enrico and V{\"o}lkel, Gunnar},
  booktitle={Theory and Applications of Satisfiability Testing--SAT 2008},
  pages={63--76},
  year={2008},
  publisher={Springer}
}
@inproceedings{nocite-li2004novel,
  title={A novel {SAT} all-solutions solver for efficient preimage computation},
  author={Li, Bin and Hsiao, Michael S and Sheng, Shuo},
  booktitle={Design, Automation and Test in Europe Conference and Exhibition, 2004. Proceedings},
  volume={1},
  pages={272--277},
  year={2004},
  organization={IEEE}
}
@article{nocite-patsakis2013rsa,
  title={{RSA} private key reconstruction from random bits using {SAT} solvers},
  author={Patsakis, Constantinos},
  journal={IACR Cryptology ePrint Archive},
  volume={2013},
  pages={26},
  year={2013},
  publisher={Citeseer},
  url={https://eprint.iacr.org/2013/026}
}
@incollection{nocite-homsirikamol2012security,
  title={Security margin evaluation of SHA-3 contest finalists through {SAT-based} attacks},
  author={Homsirikamol, Ekawat and Morawiecki, Pawe{\l} and Rogawski, Marcin and Srebrny, Marian},
  booktitle={Computer Information Systems and Industrial Management},
  pages={56--67},
  year={2012},
  publisher={Springer}
}
@article{nocite-faizullin2009sat,
  title={The {SAT} solving method as applied to cryptographic analysis of asymmetric ciphers},
  author={Faizullin, RT and Khnykin, IG and Dylkeyt, VI},
  journal={arXiv preprint arXiv:0907.1755},
  year={2009}
}
@article{nocite-jovanovic2010algebraic,
  title={Algebraic attacks using SAT-solvers},
  author={Jovanovic, Philipp and Kreuzer, Martin},
  journal={Groups--Complexity--Cryptology},
  volume={2},
  number={2},
  pages={247--259},
  year={2010}
}
@inproceedings{nocite-claessen2008sat,
  title={SAT-solving in practice},
  author={Claessen, Koen and Een, Niklas and Sheeran, Mary and Sorensson, N},
  booktitle={Discrete Event Systems, 2008. WODES 2008. 9th International Workshop on},
  pages={61--67},
  year={2008},
  organization={IEEE}
}
@article{nocite-sennton2014conflict,
  title={On conflict driven clause learning--a comparison between theory and practice},
  author={Sennton, Gustav},
  year={2014}
}
@article{nocite-bard2007efficient,
  title={Efficient methods for conversion and solution of sparse systems of low-degree multivariate polynomials over GF (2) via SAT-solvers},
  author={Bard, Gregory V and Courtois, Nicolas T and Jefferson, Chris},
  year={2007}
}
@book{nocite-schneier2007applied,
  title={Applied cryptography: protocols, algorithms, and source code in C},
  author={Schneier, Bruce},
  year={2007},
  publisher={john wiley \& sons}
}
@book{nocite-ferguson2012cryptography,
  title={Cryptography engineering: design principles and practical applications},
  author={Ferguson, Niels and Schneier, Bruce and Kohno, Tadayoshi},
  year={2012},
  publisher={John Wiley \& Sons}
}
@book{nocite-katz2007introduction,
  title={Introduction to modern cryptography: principles and protocols},
  author={Katz, Jonathan and Lindell, Yehuda},
  year={2007},
  publisher={CRC Press}
}
@book{nocite-menezes2010handbook,
  title={Handbook of applied cryptography},
  author={Menezes, Alfred J and Van Oorschot, Paul C and Vanstone, Scott A},
  year={2010},
  publisher={CRC press}
}
@book{nocite-biere2009handbook,
  title={Handbook of satisfiability},
  author={Biere, Armin and Heule, Marijn and van Maaren, Hans},
  volume={185},
  year={2009},
  publisher={IOS press}
}
